
@article{MYRN820-2019,
   author = {共同一作},
   title = {An Efficient Separator with Low \ce{Li}‐Ion Diffusion Energy Barrier Resolving Feeble Conductivity for Practical Lithium–Sulfur Batteries},
   journal = {Advanced Energy Materials},
   volume = {9},
   number = {40},
   pages = {1901800},
   ISSN = {1614-6832
1614-6840},
   DOI = {10.1002/aenm.201901800},
   url = {https://doi.org/10.1002/aenm.201901800},
   year = {2019},
   type = {Journal Article}
}
@article{MYRN839-2020,
   author = {第二作者},
   title = {Surface crystallographic structure insensitive growth of oriented graphene domains on \ce{Cu} substrates},
   journal = {Materials Today},
   volume = {36},
   pages = {10-17},
   ISSN = {1369-7021},
   DOI = {10.1016/j.mattod.2019.12.001},
   url = {<Go to ISI>://WOS:000540750100016},
   year = {2020},
   type = {Journal Article}
}

@article{MYRN818-2020,
   author = {共同一作},
   title = {Electrolyte-assisted dissolution-recrystallization mechanism towards high energy density and power density \ce{CF} cathodes in potassium cell},
   journal = {Nano Energy},
   volume = {70},
   pages = {104552},
   ISSN = {2211-2855},
   DOI = {ARTN 104552
10.1016/j.nanoen.2020.104552},
   url = {<Go to ISI>://WOS:000521052900033},
   year = {2020},
   type = {Journal Article}
}


@article{MYRN819-2020,
   author = {共同一作},
   title = {Self-Supported Composite of \ce{(Ni,Co)3C} Mesoporous Nanosheets/\ce{N}-Doped Carbon as a Flexible Electrocatalyst for \text{pH}-Universal Hydrogen Evolution},
   journal = {ACS Sustainable Chemistry \& Engineering},
   volume = {8},
   number = {13},
   pages = {5287-5295},
   ISSN = {2168-0485
2168-0485},
   DOI = {10.1021/acssuschemeng.0c00268},
   url = {https://doi.org/10.1021/acssuschemeng.0c00268},
   year = {2020},
   type = {Journal Article}
}

@article{MYRN1262-2021,
   author = {共同一作},
   title = {Unconventional Reaction Phase Diagram for the Penetration Etching/Growth of Graphene Adlayers},
   journal = {Chemistry of Materials},
   volume = {33},
   number = {24},
   pages = {9698-9707},
   ISSN = {0897-4756},
   DOI = {10.1021/acs.chemmater.1c03402},
   url = {<Go to ISI>://WOS:000731603400001},
   year = {2021},
   type = {Journal Article}
}

@article{MYRN1263-2021,
   author = {共同一作},
   title = {Growth of \ce{h-BN}/graphene heterostructure using proximity catalysis},
   journal = {Nanotechnology},
   volume = {32},
   number = {27},
   pages = {275602},
   ISSN = {1361-6528 (Electronic)
0957-4484 (Linking)},
   DOI = {10.1088/1361-6528/abf196},
   url = {https://www.ncbi.nlm.nih.gov/pubmed/33761483},
   year = {2021},
   type = {Journal Article}
}

@article{MYRN817-2021,
   author = {共同一作},
   title = {Rational design of self-supported \ce{Cu}@\ce{WC} core-shell mesoporous nanowires for pH-universal hydrogen evolution reaction},
   journal = {Applied Catalysis B-Environmental},
   volume = {280},
   pages = {119451},
   ISSN = {0926-3373},
   DOI = {ARTN 119451
10.1016/j.apcatb.2020.119451},
   url = {<Go to ISI>://WOS:000572833400004},
   year = {2021},
   type = {Journal Article}
}

