@article{RN839-2020,
   author = {Hou, Yuting and Wang, Bojun and Zhan, Longlong and Qing, Fangzhu and Wang, Xiaomu and Niu, Xiaobin and Li, Xuesong},
   title = {Surface crystallographic structure insensitive growth of oriented graphene domains on $\rm Cu$ substrates},
   journal = {Materials Today},
   volume = {36},
   pages = {10-17},
   ISSN = {1369-7021},
   DOI = {https://doi.org/10.1016/j.mattod.2019.12.001},
   url = {https://www.sciencedirect.com/science/article/pii/S1369702119308740},
   year = {2020},
   type = {Journal Article}
}

@article{RN818-2020,
   author = {Jiang, Cheng and Wang, Bojun and Wu, Zhenrui and Qiu, Jiliang and Ding, Zhengping and Zou, Jian and Chen, Shulin and Gao, Peng and Niu, Xiaobin and Wang, Liping and Li, Hong},
   title = {Electrolyte-assisted dissolution-recrystallization mechanism towards high energy density and power density $\rm CF$ cathodes in potassium cell},
   journal = {Nano Energy},
   volume = {70},
   pages = {104552},
   ISSN = {2211-2855},
   DOI = {https://doi.org/10.1016/j.nanoen.2020.104552},
   url = {http://www.sciencedirect.com/science/article/pii/S2211285520301099},
   year = {2020},
   type = {Journal Article}
}

@article{RN820-2019,
   author = {Lv, Xiaoxue and Lei, Tianyu and Wang, Bojun and Chen, Wei and Jiao, Yu and Hu, Yin and Yan, Yichao and Huang, Jianwen and Chu, Junwei and Yan, Chaoyi and Wu, Chunyang and Wang, Jianwei and Niu, Xiaobin and Xiong, Jie},
   title = {An Efficient Separator with Low $\rm Li$-Ion Diffusion Energy Barrier Resolving Feeble Conductivity for Practical Lithiumâ€“Sulfur Batteries},
   journal = {Advanced Energy Materials},
   volume = {9},
   number = {40},
   pages = {1901800},
   ISSN = {1614-6832},
   DOI = {https://doi.org/10.1002/aenm.201901800},
   url = {https://doi.org/10.1002/aenm.201901800},
   year = {2019},
   type = {Journal Article}
}

@article{RN1262-2021,
   author = {Shen, Changqing and Wang, Bojun and Chen, Yumeng and Stehle, Richard C. and Zheng, Binjie and Qing, Fangzhu and Niu, Xiaobin and Li, Xuesong},
   title = {Unconventional Reaction Phase Diagram for the Penetration Etching/Growth of Graphene Adlayers},
   journal = {Chemistry of Materials},
   volume = {33},
   number = {24},
   pages = {9698-9707},
   ISSN = {0897-4756},
   DOI = {10.1021/acs.chemmater.1c03402},
   url = {https://doi.org/10.1021/acs.chemmater.1c03402},
   year = {2021},
   type = {Journal Article}
}

@article{RN1263-2021,
   author = {Yang, Hui and Wang, Bojun and Niu, Xiaobin and Guo, Guo-Ping},
   title = {Growth of $\rm h-BN$/graphene heterostructure using proximity catalysis},
   journal = {Nanotechnology},
   volume = {32},
   number = {27},
   pages = {275602},
   ISSN = {0957-4484
1361-6528},
   DOI = {10.1088/1361-6528/abf196},
   url = {http://dx.doi.org/10.1088/1361-6528/abf196},
   year = {2021},
   type = {Journal Article}
}

@article{RN817-2021,
   author = {Yao, Mengqi and Wang, Bojun and Sun, Baolong and Luo, Linfei and Chen, Yunjian and Wang, Jianwei and Wang, Ni and Komarneni, Sridhar and Niu, Xiaobin and Hu, Wencheng},
   title = {Rational design of self-supported $\rm Cu@WC$ core-shell mesoporous nanowires for pH-universal hydrogen evolution reaction},
   journal = {Applied Catalysis B: Environmental},
   volume = {280},
   pages = {119451},
   ISSN = {0926-3373},
   DOI = {https://doi.org/10.1016/j.apcatb.2020.119451},
   url = {http://www.sciencedirect.com/science/article/pii/S0926337320308663},
   year = {2021},
   type = {Journal Article}
}

@article{RN819-2020,
   author = {Yao, Mengqi and Wang, Bojun and Wang, Ni and Komarneni, Sridhar and Chen, Yunjian and Wang, Jianwei and Niu, Xiaobin and Hu, Wencheng},
   title = {Self-Supported Composite of $\rm (Ni,Co)_{3}C$ Mesoporous Nanosheets/N-Doped Carbon as a Flexible Electrocatalyst for pH-Universal Hydrogen Evolution},
   journal = {ACS Sustainable Chemistry \& Engineering},
   volume = {8},
   number = {13},
   pages = {5287-5295},
   DOI = {10.1021/acssuschemeng.0c00268},
   url = {https://doi.org/10.1021/acssuschemeng.0c00268},
   year = {2020},
   type = {Journal Article}
}

