@article{RN389-2013,
   author = {Bertolazzi, Simone and Krasnozhon, Daria and Kis, Andras},
   title = {Nonvolatile Memory Cells Based on MoS2/Graphene Heterostructures},
   journal = {ACS Nano},
   volume = {7},
   number = {4},
   pages = {3246-3252},
   ISSN = {1936-0851},
   DOI = {10.1021/nn3059136},
   url = {https://doi.org/10.1021/nn3059136},
   year = {2013},
   type = {Journal Article}
}

@article{RN386-2012,
   author = {Britnell, L. and Gorbachev, R. V. and Jalil, R. and Belle, B. D. and Schedin, F. and Mishchenko, A. and Georgiou, T. and Katsnelson, M. I. and Eaves, L. and Morozov, S. V. and Peres, N. M. R. and Leist, J. and Geim, A. K. and Novoselov, K. S. and Ponomarenko, L. A.},
   title = {Field-Effect Tunneling Transistor Based on Vertical Graphene Heterostructures},
   journal = {Science},
   volume = {335},
   number = {6071},
   pages = {947},
   url = {http://science.sciencemag.org/content/335/6071/947.abstract},
   year = {2012},
   type = {Journal Article}
}

@article{RN390-2013,
   author = {Britnell, L. and Ribeiro, R. M. and Eckmann, A. and Jalil, R. and Belle, B. D. and Mishchenko, A. and Kim, Y. J. and Gorbachev, R. V. and Georgiou, T. and Morozov, S. V. and Grigorenko, A. N. and Geim, A. K. and Casiraghi, C. and Neto, A. H. Castro and Novoselov, K. S.},
   title = {Strong Light-Matter Interactions in Heterostructures of Atomically Thin Films},
   journal = {Science},
   volume = {340},
   number = {6138},
   pages = {1311},
   url = {http://science.sciencemag.org/content/340/6138/1311.abstract},
   year = {2013},
   type = {Journal Article}
}

@article{RN961-2018,
   author = {Cain, Jeffrey D. and Hanson, Eve D. and Dravid, Vinayak P.},
   title = {Controlled synthesis of 2D MX2 (M = Mo, W; X = S, Se) heterostructures and alloys},
   journal = {Journal of Applied Physics},
   volume = {123},
   number = {20},
   pages = {204304},
   ISSN = {0021-8979},
   DOI = {10.1063/1.5025710},
   url = {https://doi.org/10.1063/1.5025710},
   year = {2018},
   type = {Journal Article}
}

@article{RN954-2018,
   author = {Cao, Yuan and Fatemi, Valla and Demir, Ahmet and Fang, Shiang and Tomarken, Spencer L. and Luo, Jason Y. and Sanchez-Yamagishi, Javier D. and Watanabe, Kenji and Taniguchi, Takashi and Kaxiras, Efthimios and Ashoori, Ray C. and Jarillo-Herrero, Pablo},
   title = {Correlated insulator behaviour at half-filling in magic-angle graphene superlattices},
   journal = {Nature},
   volume = {556},
   number = {7699},
   pages = {80-84},
   ISSN = {1476-4687},
   DOI = {10.1038/nature26154},
   url = {https://doi.org/10.1038/nature26154},
   year = {2018},
   type = {Journal Article}
}

@article{RN955-2018,
   author = {Cao, Yuan and Fatemi, Valla and Fang, Shiang and Watanabe, Kenji and Taniguchi, Takashi and Kaxiras, Efthimios and Jarillo-Herrero, Pablo},
   title = {Unconventional superconductivity in magic-angle graphene superlattices},
   journal = {Nature},
   volume = {556},
   number = {7699},
   pages = {43-50},
   ISSN = {1476-4687},
   DOI = {10.1038/nature26160},
   url = {https://doi.org/10.1038/nature26160},
   year = {2018},
   type = {Journal Article}
}

@article{RN309-2015,
   author = {Chen, Kun and Wan, Xi and Wen, Jinxiu and Xie, Weiguang and Kang, Zhiwen and Zeng, Xiaoliang and Chen, Huanjun and Xu, Jian-Bin},
   title = {Electronic Properties of MoS2–WS2 Heterostructures Synthesized with Two-Step Lateral Epitaxial Strategy},
   journal = {ACS Nano},
   volume = {9},
   number = {10},
   pages = {9868-9876},
   ISSN = {1936-0851},
   DOI = {10.1021/acsnano.5b03188},
   url = {http://dx.doi.org/10.1021/acsnano.5b03188},
   year = {2015},
   type = {Journal Article}
}

@article{RN370-2017,
   author = {Cheng, Kai and Guo, Yu and Han, Nannan and Su, Yan and Zhang, Junfeng and Zhao, Jijun},
   title = {Lateral heterostructures of monolayer group-IV monochalcogenides: band alignment and electronic properties},
   journal = {Journal of Materials Chemistry C},
   volume = {5},
   number = {15},
   pages = {3788-3795},
   ISSN = {2050-7526},
   DOI = {10.1039/C7TC00595D},
   url = {http://dx.doi.org/10.1039/C7TC00595D
https://pubs.rsc.org/en/content/articlepdf/2017/tc/c7tc00595d},
   year = {2017},
   type = {Journal Article}
}

@article{RN384-2015,
   author = {Cho, Byungjin and Yoon, Jongwon and Lim, Sung Kwan and Kim, Ah Ra and Kim, Dong-Ho and Park, Sung-Gyu and Kwon, Jung-Dae and Lee, Young-Joo and Lee, Kyu-Hwan and Lee, Byoung Hun and Ko, Heung Cho and Hahm, Myung Gwan},
   title = {Chemical Sensing of 2D Graphene/MoS2 Heterostructure device},
   journal = {ACS Applied Materials \& Interfaces},
   volume = {7},
   number = {30},
   pages = {16775-16780},
   ISSN = {1944-8244},
   DOI = {10.1021/acsami.5b04541},
   url = {https://doi.org/10.1021/acsami.5b04541},
   year = {2015},
   type = {Journal Article}
}

@article{RN959-2010,
   author = {Dean, C. R. and Young, A. F. and Meric, I. and Lee, C. and Wang, L. and Sorgenfrei, S. and Watanabe, K. and Taniguchi, T. and Kim, P. and Shepard, K. L. and Hone, J.},
   title = {Boron nitride substrates for high-quality graphene electronics},
   journal = {Nature Nanotechnology},
   volume = {5},
   number = {10},
   pages = {722-726},
   ISSN = {1748-3395},
   DOI = {10.1038/nnano.2010.172},
   url = {https://doi.org/10.1038/nnano.2010.172},
   year = {2010},
   type = {Journal Article}
}

@article{RN960-2018,
   author = {Frisenda, Riccardo and Navarro-Moratalla, Efrén and Gant, Patricia and Pérez De Lara, David and Jarillo-Herrero, Pablo and Gorbachev, Roman V. and Castellanos-Gomez, Andres},
   title = {Recent progress in the assembly of nanodevices and van der Waals heterostructures by deterministic placement of 2D materials},
   journal = {Chemical Society Reviews},
   volume = {47},
   number = {1},
   pages = {53-68},
   ISSN = {0306-0012},
   DOI = {10.1039/C7CS00556C},
   url = {http://dx.doi.org/10.1039/C7CS00556C},
   year = {2018},
   type = {Journal Article}
}

@article{RN380-2012,
   author = {Georgiou, Thanasis and Jalil, Rashid and Belle, Branson D. and Britnell, Liam and Gorbachev, Roman V. and Morozov, Sergey V. and Kim, Yong-Jin and Gholinia, Ali and Haigh, Sarah J. and Makarovsky, Oleg and Eaves, Laurence and Ponomarenko, Leonid A. and Geim, Andre K. and Novoselov, Kostya S. and Mishchenko, Artem},
   title = {Vertical field-effect transistor based on graphene–WS2 heterostructures for flexible and transparent electronics},
   journal = {Nature Nanotechnology},
   volume = {8},
   pages = {100},
   DOI = {10.1038/nnano.2012.224
https://www.nature.com/articles/nnano.2012.224#supplementary-information},
   url = {http://dx.doi.org/10.1038/nnano.2012.224
https://www.nature.com/articles/nnano.2012.224.pdf},
   year = {2012},
   type = {Journal Article}
}

@article{RN369-2014,
   author = {Gong, Yongji and Lin, Junhao and Wang, Xingli and Shi, Gang and Lei, Sidong and Lin, Zhong and Zou, Xiaolong and Ye, Gonglan and Vajtai, Robert and Yakobson, Boris I. and Terrones, Humberto and Terrones, Mauricio and Tay, Beng Kang and Lou, Jun and Pantelides, Sokrates T. and Liu, Zheng and Zhou, Wu and Ajayan, Pulickel M.},
   title = {Vertical and in-plane heterostructures from WS2/MoS2 monolayers},
   journal = {Nature Materials},
   volume = {13},
   pages = {1135},
   DOI = {10.1038/nmat4091
https://www.nature.com/articles/nmat4091#supplementary-information},
   url = {http://dx.doi.org/10.1038/nmat4091
https://scholarship.rice.edu/bitstream/handle/1911/78911/nml501.pdf?sequence=5},
   year = {2014},
   type = {Journal Article}
}

@article{RN388-2011,
   author = {Hong, Augustin J. and Song, Emil B. and Yu, Hyung Suk and Allen, Matthew J. and Kim, Jiyoung and Fowler, Jesse D. and Wassei, Jonathan K. and Park, Youngju and Wang, Yong and Zou, Jin and Kaner, Richard B. and Weiller, Bruce H. and Wang, Kang L.},
   title = {Graphene Flash Memory},
   journal = {ACS Nano},
   volume = {5},
   number = {10},
   pages = {7812-7817},
   ISSN = {1936-0851},
   DOI = {10.1021/nn201809k},
   url = {https://doi.org/10.1021/nn201809k},
   year = {2011},
   type = {Journal Article}
}

@article{RN801-2009,
   author = {Li, Xuesong and Cai, Weiwei and An, Jinho and Kim, Seyoung and Nah, Junghyo and Yang, Dongxing and Piner, Richard and Velamakanni, Aruna and Jung, Inhwa and Tutuc, Emanuel and Banerjee, Sanjay K. and Colombo, Luigi and Ruoff, Rodney S.},
   title = {Large-Area Synthesis of High-Quality and Uniform Graphene Films on Copper Foils},
   journal = {Science},
   volume = {324},
   number = {5932},
   pages = {1312},
   DOI = {10.1126/science.1171245},
   url = {http://science.sciencemag.org/content/324/5932/1312.abstract
https://www.science.org/doi/10.1126/science.1171245},
   year = {2009},
   type = {Journal Article}
}

@article{RN371-2014,
   author = {Logoteta, Demetrio and Fiori, Gianluca and Iannaccone, Giuseppe},
   title = {Graphene-based lateral heterostructure transistors exhibit better intrinsic performance than graphene-based vertical transistors as post-CMOS devices},
   journal = {Scientific Reports},
   volume = {4},
   pages = {6607},
   DOI = {10.1038/srep06607},
   url = {http://dx.doi.org/10.1038/srep06607
https://www.ncbi.nlm.nih.gov/pmc/articles/PMC4202216/pdf/srep06607.pdf},
   year = {2014},
   type = {Journal Article}
}

@article{RN66-2011,
   author = {Niu, X. B. and Stringfellow, G. B. and Liu, F.},
   title = {Nonequilibrium composition profiles of alloy quantum dots and their correlation with the growth mode},
   journal = {Phys Rev Lett},
   volume = {107},
   number = {7},
   pages = {076101},
   ISSN = {1079-7114 (Electronic)
0031-9007 (Linking)},
   DOI = {10.1103/PhysRevLett.107.076101},
   url = {https://www.ncbi.nlm.nih.gov/pubmed/21902405},
   year = {2011},
   type = {Journal Article}
}

@article{RN357-2016,
   author = {Özçelik, V. Ongun and Azadani, Javad G. and Yang, Ce and Koester, Steven J. and Low, Tony},
   title = {Band alignment of two-dimensional semiconductors for designing heterostructures with momentum space matching},
   journal = {Physical Review B},
   volume = {94},
   number = {3},
   pages = {035125},
   url = {https://link.aps.org/doi/10.1103/PhysRevB.94.035125},
   year = {2016},
   type = {Journal Article}
}

@article{RN353-2017,
   author = {Pomerantseva, Ekaterina and Gogotsi, Yury},
   title = {Two-dimensional heterostructures for energy storage},
   journal = {Nature Energy},
   volume = {2},
   pages = {17089},
   DOI = {10.1038/nenergy.2017.89},
   url = {http://dx.doi.org/10.1038/nenergy.2017.89
https://www.nature.com/articles/nenergy201789.pdf},
   year = {2017},
   type = {Journal Article}
}

@article{RN956-2015,
   author = {Rasmussen, Filip A. and Thygesen, Kristian S.},
   title = {Computational 2D Materials Database: Electronic Structure of Transition-Metal Dichalcogenides and Oxides},
   journal = {The Journal of Physical Chemistry C},
   volume = {119},
   number = {23},
   pages = {13169-13183},
   ISSN = {1932-7447},
   DOI = {10.1021/acs.jpcc.5b02950},
   url = {https://doi.org/10.1021/acs.jpcc.5b02950},
   year = {2015},
   type = {Journal Article}
}

@article{RN385-2014,
   author = {Saidi, Wissam A.},
   title = {Van der Waals Epitaxial Growth of Transition Metal Dichalcogenides on Pristine and N-Doped Graphene},
   journal = {Crystal Growth \& Design},
   volume = {14},
   number = {10},
   pages = {4920-4928},
   ISSN = {1528-7483},
   DOI = {10.1021/cg5001123},
   url = {https://doi.org/10.1021/cg5001123
https://pubs.acs.org/doi/pdf/10.1021/cg5001123},
   year = {2014},
   type = {Journal Article}
}

@article{RN351-2014,
   author = {Wang, Hong and Liu, Fucai and Fu, Wei and Fang, Zheyu and Zhou, Wu and Liu, Zheng},
   title = {Two-dimensional heterostructures: fabrication, characterization, and application},
   journal = {Nanoscale},
   volume = {6},
   number = {21},
   pages = {12250-12272},
   ISSN = {2040-3364},
   DOI = {10.1039/C4NR03435J},
   url = {http://dx.doi.org/10.1039/C4NR03435J
https://pubs.rsc.org/en/content/articlepdf/2014/nr/c4nr03435j},
   year = {2014},
   type = {Journal Article}
}

@article{RN953-2012,
   author = {Wang, Qing-Yan and Li, Zhi and Zhang, Wen-Hao and Zhang, Zuo-Cheng and Zhang, Jin-Song and Li, Wei and Ding, Hao and Ou, Yun-Bo and Deng, Peng and Chang, Kai and Wen, Jing and Song, Can-Li and He, Ke and Jia, Jin-Feng and Ji, Shuai-Hua and Wang, Ya-Yu and Wang, Li-Li and Chen, Xi and Ma, Xu-Cun and Xue, Qi-Kun},
   title = {Interface-Induced High-Temperature Superconductivity in Single Unit-Cell FeSe Films on SrTiO 3},
   journal = {Chinese Physics Letters},
   volume = {29},
   number = {3},
   pages = {037402},
   ISSN = {0256-307X
1741-3540},
   DOI = {10.1088/0256-307x/29/3/037402},
   url = {http://dx.doi.org/10.1088/0256-307X/29/3/037402},
   year = {2012},
   type = {Journal Article}
}

@article{RN958-2018,
   author = {Wang, Sake and Tian, Hongyu and Ren, Chongdan and Yu, Jin and Sun, Minglei},
   title = {Electronic and optical properties of heterostructures based on transition metal dichalcogenides and graphene-like zinc oxide},
   journal = {Scientific Reports},
   volume = {8},
   number = {1},
   pages = {12009},
   ISSN = {2045-2322},
   DOI = {10.1038/s41598-018-30614-3},
   url = {https://doi.org/10.1038/s41598-018-30614-3},
   year = {2018},
   type = {Journal Article}
}

@article{RN316-2018,
   author = {Winter, Andreas and George, Antony and Neumann, Christof and Tang, Zian and Mohn, Michael J. and Biskupek, Johannes and Masurkar, Nirul and Reddy, Arava Leela Mohana and Weimann, Thomas and Hübner, Uwe and Kaiser, Ute and Turchanin, Andrey},
   title = {Lateral heterostructures of two-dimensional materials by electron-beam induced stitching},
   journal = {Carbon},
   volume = {128},
   number = {Supplement C},
   pages = {106-116},
   ISSN = {0008-6223},
   DOI = {https://doi.org/10.1016/j.carbon.2017.11.034},
   url = {http://www.sciencedirect.com/science/article/pii/S000862231731148X},
   year = {2018},
   type = {Journal Article}
}

@article{RN319-2017,
   author = {Yang, Zhixiong and Pan, Jiangling and Liu, Qi and Wu, Nannan and Hu, Mengli and Ouyang, Fangping},
   title = {Electronic structures and transport properties of a MoS2-NbS2 nanoribbon lateral heterostructure},
   journal = {Physical Chemistry Chemical Physics},
   volume = {19},
   number = {2},
   pages = {1303-1310},
   ISSN = {1463-9076},
   DOI = {10.1039/C6CP07327A},
   url = {http://dx.doi.org/10.1039/C6CP07327A},
   year = {2017},
   type = {Journal Article}
}

@article{RN383-2012,
   author = {Yankowitz, Matthew and Xue, Jiamin and Cormode, Daniel and Sanchez-Yamagishi, Javier D. and Watanabe, K. and Taniguchi, T. and Jarillo-Herrero, Pablo and Jacquod, Philippe and LeRoy, Brian J.},
   title = {Emergence of superlattice Dirac points in graphene on hexagonal boron nitride},
   journal = {Nature Physics},
   volume = {8},
   pages = {382},
   DOI = {10.1038/nphys2272
https://www.nature.com/articles/nphys2272#supplementary-information},
   url = {http://dx.doi.org/10.1038/nphys2272},
   year = {2012},
   type = {Journal Article}
}

@article{RN387-2012,
   author = {Yu, Woo Jong and Li, Zheng and Zhou, Hailong and Chen, Yu and Wang, Yang and Huang, Yu and Duan, Xiangfeng},
   title = {Vertically stacked multi-heterostructures of layered materials for logic transistors and complementary inverters},
   journal = {Nature Materials},
   volume = {12},
   pages = {246},
   DOI = {10.1038/nmat3518
https://www.nature.com/articles/nmat3518#supplementary-information},
   url = {http://dx.doi.org/10.1038/nmat3518
https://www.nature.com/articles/nmat3518.pdf},
   year = {2012},
   type = {Journal Article}
}

@article{RN368-2017,
   author = {Zhou, Ruiping and Ostwal, Vaibhav and Appenzeller, Joerg},
   title = {Vertical versus Lateral Two-Dimensional Heterostructures: On the Topic of Atomically Abrupt p/n-Junctions},
   journal = {Nano Letters},
   volume = {17},
   number = {8},
   pages = {4787-4792},
   ISSN = {1530-6984},
   DOI = {10.1021/acs.nanolett.7b01547},
   url = {http://dx.doi.org/10.1021/acs.nanolett.7b01547
https://pubs.acs.org/doi/pdf/10.1021/acs.nanolett.7b01547},
   year = {2017},
   type = {Journal Article}
}

